%1
@article{AlphaGo,
	author = {David Silver and 
			  Aja Huang and 
			  Chris J. Maddison and 
			  Arthur Guez and 
			  Laurent Sifre and 
			  George van den Driessche and 
			  Julian Schrittwieser and 
			  Ioannis Antonoglou and 
			  Veda Panneershelvam and 
			  Marc Lanctot and 
			  Sander Dieleman and 
			  Dominik Grewe and 
			  John Nham and 
			  Nal Kalchbrenner and 
			  Ilya Sutskever and 
			  Timothy Lillicrap and 
			  Madeleine Leach and 
			  Koray Kavukcuoglu and 
			  Thore Graepel and 
			  Demis Hassabis},
	title = "Mastering the game of Go with deep neural networks and tree search",
	journal = "Nature",
	volume = 529,
	pages = "484-489",
	year = 2016
}
%2
@article{AlphaGoZero,
	author = {David Silver and 
			  Julian Schrittwieser and 
			  Karen Simonyan and 
			  Ioannis Antonoglou and 
			  Aja Huang Arthur Guez and 
			  Thomas Hubert and 
			  Lucas Baker and 
			  Matthew Lai and 
			  Adrian Bolton and 
			  Yutian Chen and 
			  Timothy Lillicrap and 
			  Fan Hui and 
			  Laurent Sifre and 
			  George van den Driessche and 
			  Thore Graepel and 
			  Demis Hassabis},
	title = "Mastering the game of go without human knowledge",
	journal = "Nature",
	volume = 550,
	pages = "354-359",
	year = 2017
}
%3
@article{AlphaZero,
	author    = {David Silver and
                 Thomas Hubert and
                 Julian Schrittwieser and
                 Ioannis Antonoglou and
                 Matthew Lai and
                 Arthur Guez and
                 Marc Lanctot and
                 Laurent Sifre and
                 Dharshan Kumaran and
                 Thore Graepel and
                 Timothy P. Lillicrap and
                 Karen Simonyan and
                 Demis Hassabis},
  	title     = {Mastering Chess and Shogi by Self-Play with a General Reinforcement
               Learning Algorithm},
  	journal   = {CoRR},
  	volume    = {abs/1712.01815},
  	year      = {2017},
  	url       = {http://arxiv.org/abs/1712.01815},
  	archivePrefix = {arXiv},
  	eprint    = {1712.01815},
  	timestamp = {Mon, 13 Aug 2018 16:46:01 +0200},
  	biburl    = {https://dblp.org/rec/bib/journals/corr/abs-1712-01815},
  	bibsource = {dblp computer science bibliography, https://dblp.org}
}
%4
@article{Imagenet,
	author = {Jia Deng and 
			  Wei Dong and 
			  Richard Socher and 
			  Li-Jia Li and 
			  Kai Li and 
			  Li Fei-Fei},
	title = {ImageNet: A Large-Scale Hierarchical Image Database},
	journal = {2009 IEEE Conference on Computer Vision and Pattern Recognition},
	year = 2009,
	publisher = {IEEE}
}
%5
@misc{GovsCom,
	author = {Alan Levinovitz},
	title = {THE MYSTERY OF GO, THE ANCIENT GAME THAT COMPUTERS STILL CAN'T WIN},
	howpublished = {https://www.wired.com/2014/05/the-world-of-computer-go/},
	year = 2014
}
%6
@report{CNNpaper,
	author = {Yann LeCun},
	title = {Gradient-based learning applied to document recognition},
	publisher = {IEEE},
	year = 1986
}
%7
@report{MCTS,
	author = {Sylvain Gelly and 
			  Marc Schoenauer and 
			  Mich√®le Sebag and 
			  Olivier Teytaud and 
			  Levente Kocsis and 
			  David Silver and 
			  Csaba Szepesvari},
	title = {The grand challenge of computer Go: Monte Carlo tree search and
		    extensions},
	publisher = {acm},
	year = 2012
}
%8
@MISC{AISearching,
    author = {Louis Victor Allis},
    title = {Searching for Solutions in Games and Artificial Intelligence },
    year = {1994}
}
%9
@article{Solved,
	author = {H.Jaap van den Herik and Jos W.H.M.Uiterwijk and Jack van Rijswijck},
	title = {Games solved: now and in the future},
	journal = "Aritificial Intellegence",
	volume = 134,
	pages = "277-311",
	year = 2002
}
%10
@Article{Thegamesplay,
	author = {Jonathan Schaeffer},
	title = {The games computers (and people) play},
	journal = {Advances in Computers},
	volume = 52,
	pages = "189-266",
	year = 2000
}
%11
@Misc{DeepDrive,
	title = {Berkeley DEEPDRIVE},
	howpublished = {https://deepdrive.berkeley.edu/},
}
%12
@Misc{GCP,
	author = {Gian-Carlo Pascutto},
	title = {[Computer-go] Zero performance},
	howpublished = {http://computer-go.org/pipermail/computer-go/2017-October/010307.html},
	year = 2017
}
@misc{Length,
	title = {Length of a go game},
	howpublished = {https://homepages.cwi.nl/~aeb/go/misc/gostat.html}
}